@article{lasertweezers,
author = {Brzobohat\'{y}, O and Kar\'{a}sek, V and \v{S}iler, M},
doi = {10.1038/NPHOTON.2012.332},
file = {:Users/Zaaron/Library/Application Support/Mendeley Desktop/Downloaded/Brzobohat\'{y}, Kar\'{a}sek, \v{S}iler - 2013 - Experimental demonstration of optical transport, sorting and self-arrangement using atractor beam.pdf:pdf},
journal = {Nature \ldots},
number = {February},
pages = {123--128},
title = {{Experimental demonstration of optical transport, sorting and self-arrangement using a tractor beam}},
url = {http://www.nature.com/nphoton/journal/vaop/ncurrent/full/nphoton.2012.332.html },
volume = {7},
year = {2013}
}
@article{coulombtether,
author = {Natarajan, Arun and Schaub, Hanspeter},
doi = {10.2514/1.16480},
file = {:Users/Zaaron/Library/Application Support/Mendeley Desktop/Downloaded/Natarajan, Schaub - 2006 - Linear Dynamics and Stability Analysis of a Two-Craft Coulomb Tether Formation.pdf:pdf},
issn = {0731-5090},
journal = {Journal of Guidance, Control, and Dynamics},
month = jul,
number = {4},
pages = {831--839},
title = {{Linear Dynamics and Stability Analysis of a Two-Craft Coulomb Tether Formation}},
url = {http://arc.aiaa.org/doi/abs/10.2514/1.16480},
volume = {29},
year = {2006}
}
@inproceedings{Reinhardt2011,
address = {Long Beach, CA},
author = {Reinhardt, Benjamin and Peck, Mason},
booktitle = {AIAA Space 2011 Conference and Exposition},
publisher = {AIAA},
title = {{Eddy-Current Space Tug}},
url = {http://arc.aiaa.org/doi/abs/10.2514/6.2011-7168},
year = {2011}
}
@article{dipoleplanning,
author = {Schweighart, Samuel A and Sedwick, Raymond J and Schweighart, Samuel Adam},
file = {:Users/Zaaron/Library/Application Support/Mendeley Desktop/Downloaded/Schweighart, Sedwick, Schweighart - 2005 - ELECTROMAGNETIC FORMATION FLIGHT DIPOLE SOLUTION PLANNING E LECTROMAGNETIC F ORMATION F LIGHT.pdf:pdf},
keywords = {RelNav,SpaceEM},
mendeley-tags = {RelNav,SpaceEM},
number = {June},
title = {{ELECTROMAGNETIC FORMATION FLIGHT DIPOLE SOLUTION PLANNING E LECTROMAGNETIC F ORMATION F LIGHT by}},
year = {2005}
}
@misc{OOS_report,
      author = "NASA Goddard Research Center.",
      title = "On-Orbit Satellite Servicing Study Project Report. ",
      month = "October",
      year = "2010",
      url = "http://ssco.gsfc.nasa.gov/images/NASA_Satellite %20Servicing_Project_Report_0511.pdf"
}

@article{lasermirrors,
  title = {{Optical Mirror from Laser-Trapped Mesoscopic Particles}},
  author = {Grzegorczyk, Tomasz M. and Rohner, Johann and Fournier, Jean-Marc},
  journal = {Phys. Rev. Lett.},
  volume = {112},
  issue = {2},
  pages = {023902},
  numpages = {5},
  year = {2014},
  month = {Jan},
  publisher = {American Physical Society},
  doi = {10.1103/PhysRevLett.112.023902},
  url = {http://link.aps.org/doi/10.1103/PhysRevLett.112.023902}
}

